<?xml version="1.0" encoding="UTF-8"?><collection xmlns="http://www.loc.gov/MARC21/slim"><record><leader>00375nam--2200133-i-4500</leader><controlfield tag="001">000004718</controlfield><controlfield tag="002">20161230</controlfield><controlfield tag="005">20161230201026</controlfield><controlfield tag="008">060222s1000------------r-----000-0-eng-d</controlfield><datafield ind1=" " ind2=" " tag="100"><subfield code="a">Benoit, Claude</subfield></datafield><datafield ind1=" " ind2=" " tag="245"><subfield code="a">L industrie atomique en france et dans le mond e</subfield></datafield><datafield ind1=" " ind2=" " tag="260"><subfield code="a">Paris, Dunod, 1959. Vi + 159 P. Cu Figuri</subfield></datafield><datafield ind1=" " ind2=" " tag="490"><subfield code="a">Extrait De La Revue  Perspectives</subfield></datafield><datafield ind1=" " ind2=" " tag="852"><subfield code="a">14452</subfield></datafield></record></collection>